@article{DBLP:journals/tcs/AlurD94,
  author    = {Rajeev Alur and
               David L. Dill},
  title     = {A Theory of Timed Automata},
  journal   = {Theor. Comput. Sci.},
  volume    = {126},
  number    = {2},
  pages     = {183--235},
  year      = {1994},
  url       = {https://doi.org/10.1016/0304-3975(94)90010-8},
  doi       = {10.1016/0304-3975(94)90010-8},
  timestamp = {Wed, 17 Feb 2021 21:57:31 +0100},
  biburl    = {https://dblp.org/rec/journals/tcs/AlurD94.bib},
  bibsource = {dblp computer science bibliography, https://dblp.org}
}
@article{DBLP:journals/tse/WangSWQ17,
  author    = {Xinyu Wang and
               Jun Sun and
               Ting Wang and
               Shengchao Qin},
  title     = {Language Inclusion Checking of Timed Automata with Non-Zenoness},
  journal   = {{IEEE} Trans. Software Eng.},
  volume    = {43},
  number    = {11},
  pages     = {995--1008},
  year      = {2017},
  url       = {https://doi.org/10.1109/TSE.2017.2653778},
  doi       = {10.1109/TSE.2017.2653778},
  timestamp = {Fri, 02 Nov 2018 09:33:02 +0100},
  biburl    = {https://dblp.org/rec/journals/tse/WangSWQ17.bib},
  bibsource = {dblp computer science bibliography, https://dblp.org}
}


@inproceedings{DBLP:conf/seke/WangWH05,
  author    = {Farn Wang and
               Rong{-}Shiung Wu and
               Geng{-}Dian Huang},
  editor    = {William C. Chu and
               Natalia Juristo Juzgado and
               W. Eric Wong},
  title     = {Verifying Timed and Linear Hybrid Rule-Systems with {RED}},
  booktitle = {Proceedings of the 17th International Conference on Software Engineering
               and Knowledge Engineering (SEKE'2005), Taipei, Taiwan, Republic of
               China, July 14-16, 2005},
  pages     = {448--454},
  year      = {2005},
  timestamp = {Thu, 12 Mar 2020 11:30:49 +0100},
  biburl    = {https://dblp.org/rec/conf/seke/WangWH05.bib},
  bibsource = {dblp computer science bibliography, https://dblp.org}
}

@article{yovine1997kronos,
  title={Kronos: A verification tool for real-time systems},
  author={Yovine, Sergio},
  journal={Int. J. Softw. Tools Technol. Transf.},
  volume={1},
  number={1-2},
  pages={123--133},
  year={1997}
}

@book{Fowler:1999,
	author = {Fowler, Martin},
	title = {Refactoring: Improving the Design of Existing Code},
	publisher = {Addison-Wesley},
	year = {1999}
}

@inproceedings{bierman2012pause,
  title={Pause n Play: Formalizing Asynchronous C sharp},
  author={Bierman, Gavin and Russo, Claudio and Mainland, Geoffrey and Meijer, Erik and Torgersen, Mads},
  booktitle={European Conference on Object-Oriented Programming},
  pages={233--257},
  year={2012},
  organization={Springer}
}



@inproceedings{DBLP:conf/popl/NeamtiuHFP08,
  author    = {Iulian Neamtiu and
               Michael Hicks and
               Jeffrey S. Foster and
               Polyvios Pratikakis},
  editor    = {George C. Necula and
               Philip Wadler},
  title     = {Contextual effects for version-consistent dynamic software updatingalland
               safe concurrent programming},
  booktitle = {Proceedings of the 35th {ACM} {SIGPLAN-SIGACT} Symposium on Principles
               of Programming Languages, {POPL} 2008, San Francisco, California,
               USA, January 7-12, 2008},
  pages     = {37--49},
  publisher = {{ACM}},
  year      = {2008},
  url       = {https://doi.org/10.1145/1328438.1328447},
  doi       = {10.1145/1328438.1328447},
  timestamp = {Fri, 25 Jun 2021 14:48:54 +0200},
  biburl    = {https://dblp.org/rec/conf/popl/NeamtiuHFP08.bib},
  bibsource = {dblp computer science bibliography, https://dblp.org}
}


@inproceedings{DBLP:conf/fase/NielsonAN98,
  author    = {Hanne Riis Nielson and
               Torben Amtoft and
               Flemming Nielson},
  editor    = {Egidio Astesiano},
  title     = {Behaviour Analysis and Safety Conditions: {A} Case Study in {CML}},
  booktitle = {Fundamental Approaches to Software Engineering, 1st Internationsl
               Conference, FASE'98, Held as Part of the European Joint Conferences
               on the Theory and Practice of Software, ETAPS'98, Lisbon, Portugal,
               March 28 - April 4, 1998, Proceedings},
  series    = {Lecture Notes in Computer Science},
  volume    = {1382},
  pages     = {255--269},
  publisher = {Springer},
  year      = {1998},
  url       = {https://doi.org/10.1007/BFb0053595},
  doi       = {10.1007/BFb0053595},
  timestamp = {Sat, 07 Sep 2019 11:59:24 +0200},
  biburl    = {https://dblp.org/rec/conf/fase/NielsonAN98.bib},
  bibsource = {dblp computer science bibliography, https://dblp.org}
}


@inproceedings{DBLP:conf/tacas/MouraB08,
  author    = {Leonardo Mendon{\c{c}}a de Moura and
               Nikolaj Bj{\o}rner},
  editor    = {C. R. Ramakrishnan and
               Jakob Rehof},
  title     = {{Z3:} An Efficient {SMT} Solver},
  booktitle = {Tools and Algorithms for the Construction and Analysis of Systems,
               14th International Conference, {TACAS} 2008, Held as Part of the Joint
               European Conferences on Theory and Practice of Software, {ETAPS} 2008,
               Budapest, Hungary, March 29-April 6, 2008. Proceedings},
  series    = {Lecture Notes in Computer Science},
  volume    = {4963},
  pages     = {337--340},
  publisher = {Springer},
  year      = {2008},
  url       = {https://doi.org/10.1007/978-3-540-78800-3\_24},
  doi       = {10.1007/978-3-540-78800-3\_24},
  timestamp = {Tue, 14 May 2019 10:00:53 +0200},
  biburl    = {https://dblp.org/rec/conf/tacas/MouraB08.bib},
  bibsource = {dblp computer science bibliography, https://dblp.org}
}



@inproceedings{DBLP:conf/icfem/SongC20,
  author    = {Yahui Song and
               Wei{-}Ngan Chin},
  editor    = {Shang{-}Wei Lin and
               Zhe Hou and
               Brendan P. Mahony},
  title     = {Automated Temporal Verification of Integrated Dependent Effects},
  booktitle = {Formal Methods and Software Engineering - 22nd International Conference
               on Formal Engineering Methods, {ICFEM} 2020, Singapore, Singapore,
               March 1-3, 2021, Proceedings},
  series    = {Lecture Notes in Computer Science},
  volume    = {12531},
  pages     = {73--90},
  publisher = {Springer},
  year      = {2020},
  url       = {https://doi.org/10.1007/978-3-030-63406-3\_5},
  doi       = {10.1007/978-3-030-63406-3\_5},
  timestamp = {Thu, 25 Feb 2021 14:03:56 +0100},
  biburl    = {https://dblp.org/rec/conf/icfem/SongC20.bib},
  bibsource = {dblp computer science bibliography, https://dblp.org}
}

@inproceedings{nanjo2018fixpoint,
  title={A fixpoint logic and dependent effects for temporal property verification},
  author={Nanjo, Yoji and Unno, Hiroshi and Koskinen, Eric and Terauchi, Tachio},
  booktitle={Proceedings of the 33rd Annual ACM/IEEE Symposium on Logic in Computer Science},
  pages={759--768},
  year={2018}
}

@misc{CODE,
  howpublished = {\url{http://loris-5.d2.comp.nus.edu.sg/MixedSyncAsync/introduction.html}},
  year={2021},
  author={DemoIntro},
}

@misc{JSTO,
  howpublished = {\url{https://www.programiz.com/javascript/setTimeout}},
  year={2022},
  author={Parewa Labs Pvt. Ltd.},
}



@misc{CODE1,
  howpublished = {\url{http://loris-5.d2.comp.nus.edu.sg/MixedSyncAsync/index.html?ex=paper_example&type=hh&options=sess}},
  year={2021},
  author={Demo1},
}

@misc{CODE2,
  howpublished = {\url{http://loris-5.d2.comp.nus.edu.sg/MixedSyncAsync/verify.html?ex=paper_example1.826.hh&type=hh&options=sess}},
  year={2021},
  author={Demo2},
}

@misc{CEC,
  howpublished = {\url{http://www.cs.columbia.edu/~sedwards/cec/}},
  year={2021},
  author={Stephen A. Edwards, Cristian Soviani, Jia Zeng},
}


@misc{HH_im,
  howpublished = {\url{https://github.com/manuel-serrano/hiphop}},
  year={2021},
  author={Manuel Serrano},
}

@article{malecha2011trace,
  title={Trace-based verification of imperative programs with I/O},
  author={Malecha, Gregory and Morrisett, Greg and Wisnesky, Ryan},
  journal={Journal of Symbolic Computation},
  volume={46},
  number={2},
  pages={95--118},
  year={2011},
  publisher={Elsevier}
}



@inproceedings{DBLP:conf/tableaux/BubelDHN15,
  author    = {Richard Bubel and
               Crystal Chang Din and
               Reiner H{\"{a}}hnle and
               Keiko Nakata},
  editor    = {Hans de Nivelle},
  title     = {A Dynamic Logic with Traces and Coinduction},
  booktitle = {Automated Reasoning with Analytic Tableaux and Related Methods - 24th
               International Conference, {TABLEAUX} 2015, Wroc{\l}aw, Poland, September
               21-24, 2015. Proceedings},
  series    = {Lecture Notes in Computer Science},
  volume    = {9323},
  pages     = {307--322},
  publisher = {Springer},
  year      = {2015},
  url       = {https://doi.org/10.1007/978-3-319-24312-2\_21},
  doi       = {10.1007/978-3-319-24312-2\_21},
  timestamp = {Sun, 25 Oct 2020 22:43:25 +0100},
  biburl    = {https://dblp.org/rec/conf/tableaux/BubelDHN15.bib},
  bibsource = {dblp computer science bibliography, https://dblp.org}
}

@inproceedings{DBLP:conf/pldi/FosterTA02,
  author    = {Jeffrey S. Foster and
               Tachio Terauchi and
               Alexander Aiken},
  editor    = {Jens Knoop and
               Laurie J. Hendren},
  title     = {Flow-Sensitive Type Qualifiers},
  booktitle = {Proceedings of the 2002 {ACM} {SIGPLAN} Conference on Programming
               Language Design and Implementation (PLDI), Berlin, Germany, June 17-19,
               2002},
  pages     = {1--12},
  publisher = {{ACM}},
  year      = {2002},
  url       = {https://doi.org/10.1145/512529.512531},
  doi       = {10.1145/512529.512531},
  timestamp = {Wed, 07 Jul 2021 17:30:34 +0200},
  biburl    = {https://dblp.org/rec/conf/pldi/FosterTA02.bib},
  bibsource = {dblp computer science bibliography, https://dblp.org}
}

@inproceedings{DBLP:conf/csfw/BartolettiDF05,
  author    = {Massimo Bartoletti and
               Pierpaolo Degano and
               Gian Luigi Ferrari},
  title     = {Enforcing Secure Service Composition},
  booktitle = {18th {IEEE} Computer Security Foundations Workshop, {(CSFW-18} 2005),
               20-22 June 2005, Aix-en-Provence, France},
  pages     = {211--223},
  publisher = {{IEEE} Computer Society},
  year      = {2005},
  url       = {https://doi.org/10.1109/CSFW.2005.17},
  doi       = {10.1109/CSFW.2005.17},
  timestamp = {Sat, 09 Apr 2022 12:41:22 +0200},
  biburl    = {https://dblp.org/rec/conf/csfw/BartolettiDF05.bib},
  bibsource = {dblp computer science bibliography, https://dblp.org}
}

@article{talpin1994type,
  title={The type and effect discipline},
  author={Talpin, Jean-Pierre and Jouvelot, Pierre},
  journal={Information and computation},
  volume={111},
  number={2},
  pages={245--296},
  year={1994},
  publisher={Elsevier}
}

@book{amtoft1999type,
  title={Type and effect systems: behaviours for concurrency},
  author={Amtoft, Torben and Nielson, Hanne Riis and Nielson, Flemming},
  year={1999},
  publisher={World Scientific}
}

@inproceedings{DBLP:conf/mcmaster/Reppy93,
  author    = {John H. Reppy},
  editor    = {Peter E. Lauer},
  title     = {Concurrent {ML:} Design, Application and Semantics},
  booktitle = {Functional Programming, Concurrency, Simulation and Automated Reasoning:
               International Lecture Series 1991-1992, McMaster University, Hamilton,
               Ontario, Canada},
  series    = {Lecture Notes in Computer Science},
  volume    = {693},
  pages     = {165--198},
  publisher = {Springer},
  year      = {1993},
  url       = {https://doi.org/10.1007/3-540-56883-2\_10},
  doi       = {10.1007/3-540-56883-2\_10},
  timestamp = {Sun, 02 Jun 2019 21:19:47 +0200},
  biburl    = {https://dblp.org/rec/conf/mcmaster/Reppy93.bib},
  bibsource = {dblp computer science bibliography, https://dblp.org}
}
@article{skalka2008types,
  title={Types and trace effects of higher order programs},
  author={Skalka, Christian and Smith, Scott and Van Horn, David},
  journal={Journal of Functional Programming},
  volume={18},
  number={2},
  pages={179--249},
  year={2008},
  publisher={Cambridge University Press}
}

@inproceedings{DBLP:conf/aplas/MarriottSS03,
  author    = {Kim Marriott and
               Peter J. Stuckey and
               Martin Sulzmann},
  editor    = {Atsushi Ohori},
  title     = {Resource Usage Verification},
  booktitle = {Programming Languages and Systems, First Asian Symposium, {APLAS}
               2003, Beijing, China, November 27-29, 2003, Proceedings},
  series    = {Lecture Notes in Computer Science},
  volume    = {2895},
  pages     = {212--229},
  publisher = {Springer},
  year      = {2003},
  url       = {https://doi.org/10.1007/978-3-540-40018-9\_15},
  doi       = {10.1007/978-3-540-40018-9\_15},
  timestamp = {Tue, 14 May 2019 10:00:41 +0200},
  biburl    = {https://dblp.org/rec/conf/aplas/MarriottSS03.bib},
  bibsource = {dblp computer science bibliography, https://dblp.org}
}

@inproceedings{DBLP:conf/aplas/SkalkaS04,
  author    = {Christian Skalka and
               Scott F. Smith},
  editor    = {Wei{-}Ngan Chin},
  title     = {History Effects and Verification},
  booktitle = {Programming Languages and Systems: Second Asian Symposium, {APLAS}
               2004, Taipei, Taiwan, November 4-6, 2004. Proceedings},
  series    = {Lecture Notes in Computer Science},
  volume    = {3302},
  pages     = {107--128},
  publisher = {Springer},
  year      = {2004},
  url       = {https://doi.org/10.1007/978-3-540-30477-7\_8},
  doi       = {10.1007/978-3-540-30477-7\_8},
  timestamp = {Tue, 14 May 2019 10:00:41 +0200},
  biburl    = {https://dblp.org/rec/conf/aplas/SkalkaS04.bib},
  bibsource = {dblp computer science bibliography, https://dblp.org}
}

@inproceedings{DBLP:conf/esop/NakataU10,
  author    = {Keiko Nakata and
               Tarmo Uustalu},
  editor    = {Andrew D. Gordon},
  title     = {A Hoare Logic for the Coinductive Trace-Based Big-Step Semantics of
               While},
  booktitle = {Programming Languages and Systems, 19th European Symposium on Programming,
               {ESOP} 2010, Held as Part of the Joint European Conferences on Theory
               and Practice of Software, {ETAPS} 2010, Paphos, Cyprus, March 20-28,
               2010. Proceedings},
  series    = {Lecture Notes in Computer Science},
  volume    = {6012},
  pages     = {488--506},
  publisher = {Springer},
  year      = {2010},
  url       = {https://doi.org/10.1007/978-3-642-11957-6\_26},
  doi       = {10.1007/978-3-642-11957-6\_26},
  timestamp = {Mon, 14 Feb 2022 09:20:30 +0100},
  biburl    = {https://dblp.org/rec/conf/esop/NakataU10.bib},
  bibsource = {dblp computer science bibliography, https://dblp.org}
}



@misc{esterel_wiki,
  howpublished = {\url{https://en.wikipedia.org/wiki/Synchronous_programming_language}},
  year={2021}
}
@inproceedings{DBLP:conf/emsoft/LarsenMNS05,
  author    = {Kim Guldstrand Larsen and
               Marius Mikucionis and
               Brian Nielsen and
               Arne Skou},
  editor    = {Wayne H. Wolf},
  title     = {Testing real-time embedded software using {UPPAAL-TRON:} an industrial
               case study},
  booktitle = {{EMSOFT} 2005, September 18-22, 2005, Jersey City, NJ, USA, 5th {ACM}
               International Conference On Embedded Software, Proceedings},
  pages     = {299--306},
  publisher = {{ACM}},
  year      = {2005},
  url       = {https://doi.org/10.1145/1086228.1086283},
  doi       = {10.1145/1086228.1086283},
  timestamp = {Tue, 06 Nov 2018 16:59:07 +0100},
  biburl    = {https://dblp.org/rec/conf/emsoft/LarsenMNS05.bib},
  bibsource = {dblp computer science bibliography, https://dblp.org}
}


@article{DBLP:journals/sttt/LarsenPY97,
  author    = {Kim Guldstrand Larsen and
               Paul Pettersson and
               Wang Yi},
  title     = {{UPPAAL} in a Nutshell},
  journal   = {Int. J. Softw. Tools Technol. Transf.},
  volume    = {1},
  number    = {1-2},
  pages     = {134--152},
  year      = {1997},
  url       = {https://doi.org/10.1007/s100090050010},
  doi       = {10.1007/s100090050010},
  timestamp = {Thu, 02 Apr 2020 08:37:20 +0200},
  biburl    = {https://dblp.org/rec/journals/sttt/LarsenPY97.bib},
  bibsource = {dblp computer science bibliography, https://dblp.org}
}

@article{tardieu2005deterministic,
  title={A deterministic logical semantics for {E}sterel},
  author={Tardieu, Olivier},
  journal={Electronic Notes in Theoretical Computer Science},
  volume={128},
  number={1},
  pages={103--122},
  year={2005},
  publisher={Elsevier}
}

@inproceedings{DBLP:conf/tableaux/Brotherston05,
  author    = {James Brotherston},
  editor    = {Bernhard Beckert},
  title     = {Cyclic Proofs for First-Order Logic with Inductive Definitions},
  booktitle = {Automated Reasoning with Analytic Tableaux and Related Methods, International
               Conference, {TABLEAUX} 2005, Koblenz, Germany, September 14-17, 2005,
               Proceedings},
  series    = {Lecture Notes in Computer Science},
  volume    = {3702},
  pages     = {78--92},
  publisher = {Springer},
  year      = {2005},
  url       = {https://doi.org/10.1007/11554554\_8},
  doi       = {10.1007/11554554\_8},
  timestamp = {Tue, 14 May 2019 10:00:54 +0200},
  biburl    = {https://dblp.org/rec/conf/tableaux/Brotherston05.bib},
  bibsource = {dblp computer science bibliography, https://dblp.org}
}

@inproceedings{DBLP:conf/cav/SunLDP09,
  author    = {Jun Sun and
               Yang Liu and
               Jin Song Dong and
               Jun Pang},
  editor    = {Ahmed Bouajjani and
               Oded Maler},
  title     = {{PAT:} Towards Flexible Verification under Fairness},
  booktitle = {Computer Aided Verification, 21st International Conference, {CAV}
               2009, Grenoble, France, June 26 - July 2, 2009. Proceedings},
  series    = {Lecture Notes in Computer Science},
  volume    = {5643},
  pages     = {709--714},
  publisher = {Springer},
  year      = {2009},
  url       = {https://doi.org/10.1007/978-3-642-02658-4\_59},
  doi       = {10.1007/978-3-642-02658-4\_59},
  timestamp = {Sat, 31 Aug 2019 23:49:19 +0200},
  biburl    = {https://dblp.org/rec/conf/cav/SunLDP09.bib},
  bibsource = {dblp computer science bibliography, https://dblp.org}
}
@inproceedings{alur1999timed,
  title={Timed automata},
  author={Alur, Rajeev},
  booktitle={International Conference on Computer Aided Verification},
  pages={8--22},
  year={1999},
  organization={Springer}
}

@article{dong2008timed,
  title={Timed automata patterns},
  author={Dong, Jin Song and Hao, Ping and Qin, Shengchao and Sun, Jun and Yi, Wang},
  journal={IEEE Transactions on Software Engineering},
  volume={34},
  number={6},
  pages={844--859},
  year={2008},
  publisher={IEEE}
}


@article{sun2013modeling,
  title={Modeling and verifying hierarchical real-time systems using stateful timed CSP},
  author={Sun, Jun and Liu, Yang and Dong, Jin Song and Liu, Yan and Shi, Ling and Andr{\'e}, {\'E}tienne},
  journal={ACM Transactions on Software Engineering and Methodology (TOSEM)},
  volume={22},
  number={1},
  pages={1--29},
  year={2013},
  publisher={ACM New York, NY, USA}
}


@article{alimadadi2018finding,
  title={Finding broken promises in asynchronous JavaScript programs},
  author={Alimadadi, Saba and Zhong, Di and Madsen, Magnus and Tip, Frank},
  journal={Proceedings of the ACM on Programming Languages},
  volume={2},
  number={OOPSLA},
  pages={1--26},
  year={2018},
  publisher={ACM New York, NY, USA}
}

@article{ecma1999262,
  title={262: Ecmascript language specification},
  author={Ecma, ECMA},
  journal={ECMA (European Association for Standardizing Information and Communication Systems), pub-ECMA: adr,},
  year={1999}
}

@inproceedings{damian2019communication,
  title={Communication-closed asynchronous protocols},
  author={Damian, Andrei and Dr{\u{a}}goi, Cezara and Militaru, Alexandru and Widder, Josef},
  booktitle={International Conference on Computer Aided Verification},
  pages={344--363},
  year={2019},
  organization={Springer}
}

@article{madsen2017model,
  title={A model for reasoning about JavaScript promises},
  author={Madsen, Magnus and Lhot{\'a}k, Ond{\v{r}}ej and Tip, Frank},
  journal={Proceedings of the ACM on Programming Languages},
  volume={1},
  number={OOPSLA},
  pages={1--24},
  year={2017},
  publisher={ACM New York, NY, USA}
}
@inproceedings{de2006antichains,
  title={Antichains: A new algorithm for checking universality of finite automata},
  author={De Wulf, Martin and Doyen, Laurent and Henzinger, Thomas A and Raskin, J-F},
  booktitle={International Conference on Computer Aided Verification},
  pages={17--30},
  year={2006},
  organization={Springer}
}


@article{DBLP:journals/tcs/AntimirovM95,
  author    = {Valentin M. Antimirov and
               Peter D. Mosses},
  title     = {Rewriting Extended Regular Expressions},
  journal   = {Theor. Comput. Sci.},
  volume    = {143},
  number    = {1},
  pages     = {51--72},
  year      = {1995},
  url       = {https://doi.org/10.1016/0304-3975(95)80024-4},
  doi       = {10.1016/0304-3975(95)80024-4},
  timestamp = {Wed, 17 Feb 2021 21:57:02 +0100},
  biburl    = {https://dblp.org/rec/journals/tcs/AntimirovM95.bib},
  bibsource = {dblp computer science bibliography, https://dblp.org}
}

@inproceedings{song2021synchronous,
  title={A Synchronous Effects Logic for Temporal Verification of Pure Esterel},
  author={Song, Yahui and Chin, Wei-Ngan},
  booktitle={International Conference on Verification, Model Checking, and Abstract Interpretation},
  pages={417--440},
  year={2021},
  organization={Springer}
}

@article{almeida2009antimirov,
  title={Antimirov and Mosses's rewrite system revisited},
  author={Almeida, Marco and Moreira, Nelma and Reis, Rog{\'e}rio},
  journal={International Journal of Foundations of Computer Science},
  volume={20},
  number={04},
  pages={669--684},
  year={2009},
  publisher={World Scientific}
}
@inproceedings{antimirov1995partial,
  title={Partial derivatives of regular expressions and finite automata constructions},
  author={Antimirov, Valentin},
  booktitle={Annual Symposium on Theoretical Aspects of Computer Science},
  pages={455--466},
  year={1995},
  organization={Springer}
}




@article{hovland2012inclusion,
  title={The inclusion problem for regular expressions},
  author={Hovland, Dag},
  journal={Journal of Computer and System Sciences},
  volume={78},
  number={6},
  pages={1795--1813},
  year={2012},
  publisher={Elsevier}
}

@article{zhang2020handling,
  title={Handling bidirectional control flow: Technical report},
  author={Zhang, Yizhou and Salvaneschi, Guido and Myers, Andrew C},
  journal={arXiv preprint arXiv:2010.09073},
  year={2020}
}

@inproceedings{DBLP:conf/fsttcs/KeilT14,
  author    = {Matthias Keil and
               Peter Thiemann},
  editor    = {Venkatesh Raman and
               S. P. Suresh},
  title     = {Symbolic Solving of Extended Regular Expression Inequalities},
  booktitle = {34th International Conference on Foundation of Software Technology
               and Theoretical Computer Science, {FSTTCS} 2014, December 15-17, 2014,
               New Delhi, India},
  series    = {LIPIcs},
  volume    = {29},
  pages     = {175--186},
  publisher = {Schloss Dagstuhl - Leibniz-Zentrum f{\"{u}}r Informatik},
  year      = {2014},
  url       = {https://doi.org/10.4230/LIPIcs.FSTTCS.2014.175},
  doi       = {10.4230/LIPIcs.FSTTCS.2014.175},
  timestamp = {Mon, 23 Mar 2020 12:22:51 +0100},
  biburl    = {https://dblp.org/rec/conf/fsttcs/KeilT14.bib},
  bibsource = {dblp computer science bibliography, https://dblp.org}
}

@inproceedings{wan2001real,
  title={Real-time FRP},
  author={Wan, Zhanyong and Taha, Walid and Hudak, Paul},
  booktitle={Proceedings of the sixth ACM SIGPLAN international conference on Functional programming},
  pages={146--156},
  year={2001}
}

@inproceedings{DBLP:conf/wia/BrodaCFM15,
  author    = {Sabine Broda and
               S{\'{\i}}lvia Cavadas and
               Miguel Ferreira and
               Nelma Moreira},
  editor    = {Frank Drewes},
  title     = {Deciding Synchronous Kleene Algebra with Derivatives},
  booktitle = {Implementation and Application of Automata - 20th International Conference,
               {CIAA} 2015, Ume{\aa}, Sweden, August 18-21, 2015, Proceedings},
  series    = {Lecture Notes in Computer Science},
  volume    = {9223},
  pages     = {49--62},
  publisher = {Springer},
  year      = {2015},
  url       = {https://doi.org/10.1007/978-3-319-22360-5\_5},
  doi       = {10.1007/978-3-319-22360-5\_5},
  timestamp = {Wed, 25 Sep 2019 18:11:54 +0200},
  biburl    = {https://dblp.org/rec/conf/wia/BrodaCFM15.bib},
  bibsource = {dblp computer science bibliography, https://dblp.org}
}

@article{prisacariu2010synchronous,
  title={Synchronous kleene algebra},
  author={Prisacariu, Cristian},
  journal={The Journal of Logic and Algebraic Programming},
  volume={79},
  number={7},
  pages={608--635},
  year={2010},
  publisher={Elsevier}
}

@article{salomaa1966two,
  title={Two complete axiom systems for the algebra of regular events},
  author={Salomaa, Arto},
  journal={Journal of the ACM (JACM)},
  volume={13},
  number={1},
  pages={158--169},
  year={1966},
  publisher={ACM New York, NY, USA}
}

@inproceedings{DBLP:conf/fdl/HanxledenBG17,
  author    = {Reinhard von Hanxleden and
               Timothy Bourke and
               Alain Girault},
  editor    = {Franco Fummi and
               Hiren D. Patel and
               Samarjit Chakraborty},
  title     = {Real-time ticks for synchronous programming},
  booktitle = {2017 Forum on Specification and Design Languages, {FDL} 2017, Verona,
               Italy, September 18-20, 2017},
  pages     = {1--8},
  publisher = {{IEEE}},
  year      = {2017},
  url       = {https://doi.org/10.1109/FDL.2017.8303893},
  doi       = {10.1109/FDL.2017.8303893},
  timestamp = {Wed, 16 Oct 2019 14:14:54 +0200},
  biburl    = {https://dblp.org/rec/conf/fdl/HanxledenBG17.bib},
  bibsource = {dblp computer science bibliography, https://dblp.org}
}
@inproceedings{kambona2013evaluation,
  title={An evaluation of reactive programming and promises for structuring collaborative web applications},
  author={Kambona, Kennedy and Boix, Elisa Gonzalez and De Meuter, Wolfgang},
  booktitle={Proceedings of the 7th Workshop on Dynamic Languages and Applications},
  pages={1--9},
  year={2013}
}

@article{florence2019calculus,
  title={A calculus for Esterel: if can, can. if no can, no can.},
  author={Florence, Spencer P and You, Shu-Hung and Tov, Jesse A and Findler, Robert Bruce},
  journal={Proceedings of the ACM on Programming Languages},
  volume={3},
  number={POPL},
  pages={1--29},
  year={2019},
  publisher={ACM New York, NY, USA}
}

@inproceedings{gleissenthall2019pretend,
  title={Pretend synchrony},
  author={Gleissenthall, KLAUS V and Kici, RAMI G{\"O}KHAN and Bakst, ALEXANDER and Stefan, DEIAN and Jhala, RANJIT},
  year={2019},
  organization={POPL}
}

@inproceedings{DBLP:conf/forte/YiPD94,
  author    = {Wang Yi and
               Paul Pettersson and
               Mats Daniels},
  editor    = {Dieter Hogrefe and
               Stefan Leue},
  title     = {Automatic verification of real-time communicating systems by constraint-solving},
  booktitle = {Formal Description Techniques VII, Proceedings of the 7th {IFIP} {WG6.1}
               International Conference on Formal Description Techniques, Berne,
               Switzerland, 1994},
  series    = {{IFIP} Conference Proceedings},
  volume    = {6},
  pages     = {243--258},
  publisher = {Chapman {\&} Hall},
  year      = {1994},
  timestamp = {Fri, 07 Dec 2012 11:52:53 +0100},
  biburl    = {https://dblp.org/rec/conf/forte/YiPD94.bib},
  bibsource = {dblp computer science bibliography, https://dblp.org}
}

@inproceedings{DBLP:conf/icalp/Yi91,
  author    = {Wang Yi},
  editor    = {Javier Leach Albert and
               Burkhard Monien and
               Mario Rodr{\'{\i}}guez{-}Artalejo},
  title     = {{CCS} + Time = An Interleaving Model for Real Time Systems},
  booktitle = {Automata, Languages and Programming, 18th International Colloquium,
               ICALP91, Madrid, Spain, July 8-12, 1991, Proceedings},
  series    = {Lecture Notes in Computer Science},
  volume    = {510},
  pages     = {217--228},
  publisher = {Springer},
  year      = {1991},
  url       = {https://doi.org/10.1007/3-540-54233-7\_136},
  doi       = {10.1007/3-540-54233-7\_136},
  timestamp = {Fri, 17 Jul 2020 16:12:48 +0200},
  biburl    = {https://dblp.org/rec/conf/icalp/Yi91.bib},
  bibsource = {dblp computer science bibliography, https://dblp.org}
}

@inproceedings{tarawneh2018formal,
  title={Formal Verification of Mixed Synchronous Asynchronous Systems using Industrial Tools},
  author={Tarawneh, Ghaith and Mokhov, Andrey},
  booktitle={2018 24th IEEE International Symposium on Asynchronous Circuits and Systems (ASYNC)},
  pages={43--50},
  year={2018},
  organization={IEEE}
}

@inproceedings{meyerovich2009flapjax,
  title={Flapjax: a programming language for Ajax applications},
  author={Meyerovich, Leo A and Guha, Arjun and Baskin, Jacob and Cooper, Gregory H and Greenberg, Michael and Bromfield, Aleks and Krishnamurthi, Shriram},
  booktitle={Proceedings of the 24th ACM SIGPLAN conference on Object oriented programming systems languages and applications},
  pages={1--20},
  year={2009}
}

@inproceedings{vidal2018hiphop,
  title={Hiphop. js: a language to orchestrate web applications},
  author={Vidal, Colin and Berry, G{\'e}rard and Serrano, Manuel},
  booktitle={Proceedings of the 33rd Annual ACM Symposium on Applied Computing},
  pages={2193--2195},
  year={2018}
}

@article{berry1999constructive,
  title={The constructive semantics of pure Esterel-draft version 3},
  author={Berry, Gerard},
  journal={Draft Version},
  volume={3},
  year={1999},
  publisher={Citeseer}
}

@book{berry2000esterel,
  title={The Esterel v5 language primer: version v5\_91},
  author={Berry, G{\'e}rard},
  year={2000},
  publisher={Centre de math{\'e}matiques appliqu{\'e}es, Ecole des mines and INRIA}
}

@article{czaplicki2013asynchronous,
  title={Asynchronous functional reactive programming for GUIs},
  author={Czaplicki, Evan and Chong, Stephen},
  journal={ACM SIGPLAN Notices},
  volume={48},
  number={6},
  pages={411--422},
  year={2013},
  publisher={ACM New York, NY, USA}
}

@inproceedings{berry1993preemption,
  title={Preemption in concurrent systems},
  author={Berry, G{\'e}rard},
  booktitle={International Conference on Foundations of Software Technology and Theoretical Computer Science},
  pages={72--93},
  year={1993},
  organization={Springer}
}

@article{zhao2018event,
  title={An Event-based Compositional Reasoning Approach for Concurrent Reactive Systems},
  author={Zhao, Yongwang and Sanan, David and Zhang, Fuyuan and Liu, Yang},
  journal={arXiv preprint arXiv:1810.07855},
  year={2018}
}

@inproceedings{berry2020hiphop,
  title={HipHop. js:(A) Synchronous reactive web programming.},
  author={Berry, G{\'e}rard and Serrano, Manuel},
  booktitle={PLDI},
  pages={533--545},
  year={2020}
}

@article{hudak1996building,
  title={Building domain-specific embedded languages},
  author={Hudak, Paul},
  journal={Acm computing surveys (csur)},
  volume={28},
  number={4es},
  pages={196--es},
  year={1996},
  publisher={ACM New York, NY, USA}
}

@article{mitchell2013leaking,
  title={Leaking space},
  author={Mitchell, Neil},
  journal={Queue},
  volume={11},
  number={9},
  pages={10--23},
  year={2013},
  publisher={ACM New York, NY, USA}
}

@book{wadge1985lucid,
  title={LUCID, the dataflow programming language},
  author={Wadge, William W and Ashcroft, Edward A},
  volume={198},
  year={1985},
  publisher={Academic Press London}
}

@inproceedings{gautier1987signal,
  title={Signal: A declarative language for synchronous programming of real-time systems},
  author={Gautier, Thierry and Le Guernic, Paul and Besnard, Loic},
  booktitle={Conference on Functional Programming Languages and Computer Architecture},
  pages={257--277},
  year={1987},
  organization={Springer}
}

@inproceedings{pilaud1987lustre,
  title={LUSTRE: A declarative language for programming synchronous systems},
  author={Pilaud, Daniel and Halbwachs, N and Plaice, JA},
  booktitle={Proceedings of the 14th Annual ACM Symposium on Principles of Programming Languages (14th POPL 1987). ACM, New York, NY},
  volume={178},
  pages={188},
  year={1987}
}

@article{berry1992esterel,
  title={The Esterel synchronous programming language: Design, semantics, implementation},
  author={Berry, G{\'e}rard and Gonthier, Georges},
  journal={Science of computer programming},
  volume={19},
  number={2},
  pages={87--152},
  year={1992},
  publisher={Elsevier}
}